
@online{nauty,
  title={Nauty and Traces},
  url ={https://pallini.di.uniroma1.it/},
  urldate ={20.06.2025},
  language = {russian}
}

@online{graph6,
  title={Description of graph6, sparse6 and digraph6 encodings},
  url ={https://users.cecs.anu.edu.au/~bdm/data/formats.txt},
  urldate ={20.06.2025},
  language = {russian}
}

@online{networkx,
  title={NetworkX},
  url ={https://networkx.org/},
  urldate = {20.06.2025},
  language = {russian}
}



@article{rad2008weak,
  title={Weak geodomination in graphs},
  author={Rad, N.J.},
  journal={Analele Stiintifice ale Universitatii Ovidius Constanta},
  volume={16},
  number={1},
  pages={127--134},
  year={2008},
  language = {russian}
}

@article{rad2008strong,
  title={Strong geodomination in graphs},
  author={Rad, N.J. and Mojdeh, D.A.},
  journal={Opuscula Mathematica},
  volume={28},
  number={3},
  pages={279--285},
  year={2008},
  language = {russian}
}


@article{cockayne1978,
  title={Properties of hereditary hypergraphs and middle graphs},
  author={Cockayne, E.J. and Hedetniemi, S.T. and Miller, D.J.},
  journal={Canadian Mathematical Bulletin},
  volume={21},
  number={4},
  pages={461--468},
  year={1978},
  language = {russian}
}
